
@article{lamport1978time,
    title={Time, clocks, and the ordering of events in a distributed system},
    author={Lamport, Leslie},
    journal={Communications of the ACM},
    volume={21},
    number={7},
    pages={558--565},
    year={1978},
    publisher={ACM}
}

@article{sheehy2015there,
    title={There is no now},
    author={Sheehy, Justin},
    journal={Communications of the ACM},
    volume={58},
    number={5},
    pages={36--41},
    year={2015},
    publisher={ACM}
}

@article{mills1991internet,
    title={Internet time synchronization: the network time protocol},
    author={Mills, David L},
    journal={Communications, IEEE Transactions on},
    volume={39},
    number={10},
    pages={1482--1493},
    year={1991},
    publisher={IEEE}
}

@inproceedings{peng2009research,
    title={The research of precision time protocol IEEE1588},
    author={Peng-Fei, Yu and Qiang, Yu and Hui, Deng and Xing-chuan, Bao and Yuan-yuan, Ma},
    booktitle={International Conference on Electrical Engineering},
    year={2009}
}

@inproceedings{kulkarni2014logical,
    title={Logical physical clocks},
    author={Kulkarni, Sandeep S and Demirbas, Murat and Madappa, Deepak and Avva, Bharadwaj and Leone, Marcelo},
    booktitle={International Conference on Principles of Distributed Systems},
    pages={17--32},
    year={2014},
    organization={Springer}
}
@inproceedings{carot2009netjack,
    title={Netjack-Remote music collaboration with electronic sequencers on the Internet},
    author={Car{\^o}t, Alexander and Hohn, Torben and Werner, Christian},
    booktitle={Linux Audio Conference},
    year={2009}
}
@inproceedings{carot2007networked,
    title={Networked music performance: State of the art},
    author={Car{\^o}t, Alexander and Rebelo, Pedro and Renaud, Alain},
    booktitle={Audio engineering society conference: 30th international conference: intelligent audio environments},
    year={2007},
    organization={Audio Engineering Society}
}

@article{koszolko2015crowdsourcing,
    title={Crowdsourcing, jamming and remixing: a qualitative study of contemporary music production practices in the cloud},
    author={Koszolko, Martin K},
    journal={Journal on the Art of Record Production},
    volume={10},
    year={2015},
    publisher={Art of Record Production}
}


@article{scheiterer2009synchronization,
    title={Synchronization performance of the precision time protocol in industrial automation networks},
    author={Scheiterer, Ruxandra Lupas and Na, Chongning and Obradovic, Dragan and Steindl, G{\"u}nter},
    journal={Instrumentation and Measurement, IEEE Transactions on},
    volume={58},
    number={6},
    pages={1849--1857},
    year={2009},
    publisher={IEEE}
}

@inproceedings{mills2010dislocated,
    title={Dislocated sound: A survey of improvisation in networked audio platforms},
    author={Mills, RH},
    booktitle={New Interfaces for Musical Expression},
    year={2010},
    organization={University of Technology, Sydney.}
}

@inproceedings{mckinney2012oscthulhu,
    title={Oscthulhu: Applying video game state-based synchronization to network computer music},
    author={McKinney, Curtis and McKinney, Chad},
    booktitle={International Computer Music Conference},
    year={2012}
}

@inproceedings{oda2016global,
title={The Global Metronome: Absolute tempo sync for networked musical performance},
author={Oda, Reid and Fiebrink, Rebecca and others},
booktitle={New Interfaces for Musical Expression},
year={2016},
publisher={Goldsmiths University of London}
}

